@inproceedings{Sulzmann:2007:SFT:1190315.1190324,
 author = {Sulzmann, Martin and Chakravarty, Manuel M. T. and Jones, Simon Peyton and Donnelly, Kevin},
 title = {System F with Type Equality Coercions},
 booktitle = {Proceedings of the 2007 ACM SIGPLAN International Workshop on Types in Languages Design and Implementation},
 series = {TLDI '07},
 year = {2007},
 pages = {53--66},
 numpages = {14},
 acmid = {1190324},
 publisher = {ACM},
 keywords = {advanced type features, typed intermediate language},
} 

@inproceedings{yorgey2012giving,
  title={Giving Haskell a promotion},
  author={Yorgey, Brent A and Weirich, Stephanie and Cretin, Julien and Peyton Jones, Simon and Vytiniotis, Dimitrios and Magalh{\~a}es, Jos{\'e} Pedro},
  booktitle={Proceedings of the 8th ACM SIGPLAN workshop on Types in language design and implementation},
  pages={53--66},
  year={2012},
  organization={ACM}
}

@inproceedings{weirich2013system,
  title={System FC with explicit kind equality},
  author={Weirich, Stephanie and Hsu, Justin and Eisenberg, Richard A},
  booktitle={ACM SIGPLAN Notices},
  volume={48},
  number={9},
  pages={275--286},
  year={2013},
  organization={ACM}
}

@article{vytiniotis2012equality,
  title={Equality proofs and deferred type errors: A compiler pearl},
  author={Vytiniotis, Dimitrios and Peyton Jones, Simon and Magalh{\~a}es, Jos{\'e} Pedro},
  journal={ACM SIGPLAN Notices},
  volume={47},
  number={9},
  pages={341--352},
  year={2012},
  publisher={ACM}
}

@inproceedings{jones1991unboxed,
  title={Unboxed values as first class citizens in a non-strict functional language},
  author={Jones, Simon L Peyton and Launchbury, John},
  booktitle={Conference on Functional Programming Languages and Computer Architecture},
  pages={636--666},
  year={1991},
  organization={Springer}
}

@article{breitner2016safe,
  title={Safe zero-cost coercions for Haskell},
  author={Breitner, Joachim and Eisenberg, Richard A and Jones, Simon Peyton and Weirich, Stephanie},
  journal={Journal of Functional Programming},
  volume={26},
  year={2016},
  publisher={Cambridge University Press}
}

@inproceedings{Breitner:2014:SZC:2628136.2628141,
 author = {Breitner, Joachim and Eisenberg, Richard A. and Peyton Jones, Simon and Weirich, Stephanie},
 title = {Safe Zero-cost Coercions for Haskell},
 booktitle = {Proceedings of the 19th ACM SIGPLAN International Conference on Functional Programming},
 series = {ICFP '14},
 year = {2014},
 acmid = {2628141},
 publisher = {ACM},
} 

@inproceedings{eisenberg2017levity,
  title={Levity polymorphism},
  author={Eisenberg, Richard A and Peyton Jones, Simon},
  booktitle={Proceedings of the 38th ACM SIGPLAN Conference on Programming Language Design and Implementation},
  pages={525--539},
  year={2017},
  organization={ACM}
}

@inproceedings{Weirich:2011:GTA:1926385.1926411,
 author = {Weirich, Stephanie and Vytiniotis, Dimitrios and Peyton Jones, Simon and Zdancewic, Steve},
 title = {Generative Type Abstraction and Type-level Computation},
 booktitle = {Proceedings of the 38th Annual ACM SIGPLAN-SIGACT Symposium on Principles of Programming Languages},
 series = {POPL '11},
 year = {2011},
 pages = {227--240},
 numpages = {14},
 publisher = {ACM},
 keywords = {haskell, newtype deriving, type functions},
} 

@book{pierce2002types,
  title={Types and programming languages},
  author={Pierce, Benjamin C.},
  year={2002},
  publisher={MIT press}
}

@article{eisenberg2015system,
  title={System FC, as implemented in GHC},
  author={Eisenberg, Richard A},
  year={2015}
}
